@article{doe2023example,
  title={An Example Article Title},
  author={Doe, John and Smith, Jane},
  journal={Journal of Dummy Studies},
  volume={42},
  number={3},
  pages={123--145},
  year={2023},
  publisher={Dummy Publisher}
}

@book{smith2022dummybook,
  title={The Dummy Book: A Comprehensive Guide},
  author={Smith, John},
  year={2022},
  publisher={Fake Publishing House},
  address={New York, NY}
}

@inproceedings{jones2021conference,
  title={Dummy Proceedings: A Conference Paper},
  author={Jones, Alice and Brown, Bob},
  booktitle={Proceedings of the 2021 International Conference on Dummy Research},
  pages={56--67},
  year={2021},
  organization={Dummy Organization}
}

@techreport{lee2020techreport,
  title={A Technical Report on Dummy Data},
  author={Lee, David and White, Emily},
  institution={Dummy Institute of Technology},
  year={2020},
  number={DTI-2020-001}
}

@misc{anonymous2023website,
  title={Dummy Website Reference},
  author={Anonymous},
  year={2023},
  howpublished={\url{https://www.dummywebsite.com}},
  note={Accessed: 2023-10-01}
}
